<?xml version="1.0" encoding="UTF-8"?><collection xmlns="http://www.loc.gov/MARC21/slim"><record><leader>00566nam--2200181-i-4500</leader><controlfield tag="001">000028493</controlfield><controlfield tag="002">20161230</controlfield><controlfield tag="005">20161230201037</controlfield><controlfield tag="008">060222s1000------------r-----000-0-fre-d</controlfield><datafield ind1=" " ind2=" " tag="040"><subfield code="a">IFIN-HH</subfield></datafield><datafield ind1=" " ind2=" " tag="041"><subfield code="a">fre</subfield></datafield><datafield ind1=" " ind2=" " tag="080"><subfield code="a">539.17.02:539.12.162.6(043)</subfield></datafield><datafield ind1="1" ind2=" " tag="100"><subfield code="a">Lepretre, Alfred</subfield></datafield><datafield ind1="1" ind2="0" tag="245"><subfield code="a">Mesures des sections efficaces photonucleares de 30 a 140 mev pour les noyaux moyens et lourds (sn-ce-ta-pb et u)</subfield><subfield code="b">These</subfield><subfield code="c">Alfred lepretre</subfield></datafield><datafield ind1=" " ind2=" " tag="260"><subfield code="a">Orsay</subfield><subfield code="b">Universite De Paris-sud</subfield><subfield code="c">1982</subfield></datafield><datafield ind1=" " ind2=" " tag="300"><subfield code="a">297P</subfield></datafield><datafield ind1=" " ind2=" " tag="852"><subfield code="a">71784</subfield><subfield code="c">539.17</subfield></datafield><datafield ind1=" " ind2=" " tag="CAT"><subfield code="a">Sys</subfield><subfield code="c">20120621</subfield><subfield code="h">171227</subfield></datafield></record></collection>